@misc{uuAAcourse,
    author    = "M. Veldhorst, J. van Leeuwen",
    title     = "Algorithmic modeling and complexity",
    year      = "2004",
    url       = "http://www.cs.uu.nl/docs/vakken/amc/"
}
